<?xml version="1.0" encoding="UTF-8"?><collection xmlns="http://www.loc.gov/MARC21/slim"><record><leader>00450nam--2200157-i-4500</leader><controlfield tag="001">000036886</controlfield><controlfield tag="002">20161230</controlfield><controlfield tag="005">20170222171705</controlfield><controlfield tag="008">060222s1000------------r-----000-0-eng-d</controlfield><datafield ind1=" " ind2=" " tag="080"><subfield code="a">621./375.826(043)</subfield></datafield><datafield ind1=" " ind2=" " tag="100"><subfield code="a">Popescu, Vasile</subfield></datafield><datafield ind1=" " ind2=" " tag="245"><subfield code="a">Studiul structurii si interactiunilor moleculare, utilizind radiatia laser</subfield><subfield code="b">teza</subfield></datafield><datafield ind1=" " ind2=" " tag="260"><subfield code="a">Bucuresti</subfield><subfield code="b">Inst.Central De Fizica</subfield><subfield code="c">1987</subfield></datafield><datafield ind1=" " ind2=" " tag="300"><subfield code="a">132 p</subfield></datafield><datafield ind1=" " ind2=" " tag="852"><subfield code="a">74316</subfield></datafield><datafield ind1=" " ind2=" " tag="CAT"><subfield code="a">SYS</subfield><subfield code="c">20170222</subfield><subfield code="h">171705</subfield></datafield></record></collection>